<record><leader>00000cas a22000007a 4500</leader><controlfield tag="001">29338976</controlfield><controlfield tag="008">931117d19932001vaumr ne      0   a0eng c</controlfield><datafield ind1=" " ind2=" " tag="010"><subfield code="a">sn 93004407 </subfield></datafield><datafield ind1=" " ind2=" " tag="040"><subfield code="a">NSD</subfield><subfield code="b">eng</subfield><subfield code="c">NSD</subfield><subfield code="d">OCLCQ</subfield><subfield code="d">NVK</subfield><subfield code="d">OCLCO</subfield><subfield code="d">NVK</subfield><subfield code="d">OCLCF</subfield></datafield><datafield ind1=" " ind2=" " tag="012"><subfield code="m">0</subfield></datafield><datafield ind1="0" ind2=" " tag="022"><subfield code="a">1073-1342</subfield><subfield code="l">1073-1342</subfield><subfield code="2">1</subfield></datafield><datafield ind1=" " ind2=" " tag="037"><subfield code="b">Family Community Newspapers, 460 W. Main, Wytheville, VA 24382</subfield></datafield><datafield ind1=" " ind2=" " tag="042"><subfield code="a">nsdp</subfield><subfield code="a">pcc</subfield></datafield><datafield ind1="1" ind2="0" tag="082"><subfield code="a">796</subfield><subfield code="2">12</subfield></datafield><datafield ind1="0" ind2=" " tag="210"><subfield code="a">Inside motorsports</subfield></datafield><datafield ind1=" " ind2="0" tag="222"><subfield code="a">Inside motorsports</subfield></datafield><datafield ind1="0" ind2="0" tag="245"><subfield code="a">Inside motorsports.</subfield></datafield><datafield ind1="3" ind2=" " tag="246"><subfield code="a">IMS</subfield></datafield><datafield ind1="3" ind2=" " tag="246"><subfield code="a">IMS inside motorsports</subfield></datafield><datafield ind1="3" ind2=" " tag="246"><subfield code="a">Inside motor sports</subfield></datafield><datafield ind1=" " ind2=" " tag="260"><subfield code="a">Wytheville, Va. :</subfield><subfield code="b">Family Community Newspapers of Southwest Virginia,</subfield><subfield code="c">1993-2001.</subfield></datafield><datafield ind1=" " ind2=" " tag="300"><subfield code="a">v.</subfield></datafield><datafield ind1=" " ind2=" " tag="310"><subfield code="a">Monthly,</subfield><subfield code="b">August 1996-February 2001</subfield></datafield><datafield ind1=" " ind2=" " tag="321"><subfield code="a">Weekly,</subfield><subfield code="b">March 1993-July 1996</subfield></datafield><datafield ind1="0" ind2=" " tag="362"><subfield code="a">Vol. 1, no. 1 (Mar. 31, 1993)-v. 9, no. 2 (Feb. 2001)</subfield></datafield><datafield ind1=" " ind2=" " tag="500"><subfield code="a">"For the performance enthusiast."</subfield></datafield><datafield ind1=" " ind2="0" tag="650"><subfield code="a">Automobile racing</subfield><subfield code="z">Virginia</subfield><subfield code="v">Newspapers.</subfield></datafield><datafield ind1=" " ind2="0" tag="651"><subfield code="a">Wytheville (Va.)</subfield><subfield code="v">Newspapers.</subfield></datafield><datafield ind1=" " ind2="7" tag="655"><subfield code="a">Newspapers.</subfield><subfield code="2">fast</subfield><subfield code="0">(OCoLC)fst01423814</subfield></datafield><datafield ind1=" " ind2="7" tag="650"><subfield code="a">Automobile racing.</subfield><subfield code="2">fast</subfield><subfield code="0">(OCoLC)fst00823132</subfield></datafield><datafield ind1=" " ind2="7" tag="651"><subfield code="a">Virginia.</subfield><subfield code="2">fast</subfield><subfield code="0">(OCoLC)fst01204597</subfield></datafield><datafield ind1=" " ind2="7" tag="651"><subfield code="a">Virginia</subfield><subfield code="z">Wytheville.</subfield><subfield code="2">fast</subfield><subfield code="0">(OCoLC)fst01222310</subfield></datafield><datafield ind1=" " ind2=" " tag="752"><subfield code="a">United States</subfield><subfield code="b">Virginia</subfield><subfield code="c">Wythe</subfield><subfield code="d">Wytheville.</subfield></datafield></record>